<?xml version="1.0" encoding="UTF-8"?>
<record xmlns="http://www.loc.gov/MARC21/slim">
   <leader>00912cam a2200229   4500</leader>
   <controlfield tag="001">2533796</controlfield>
   <controlfield tag="003">NjP</controlfield>
   <controlfield tag="005">20170830172326.0</controlfield>
   <controlfield tag="008">900622s1954    ly       l    000 0 arar </controlfield>
   <datafield tag="024" ind1="7" ind2=" ">
      <subfield code="a">princeton_aco003634</subfield>
      <subfield code="2">local</subfield>
   </datafield>
   <datafield ind1=" " ind2=" " tag="010">
      <subfield code="a">   59054775  </subfield>
   </datafield>
   <datafield ind1=" " ind2=" " tag="035">
      <subfield code="a">(OCoLC)ocm21898525</subfield>
   </datafield>
   <datafield ind1=" " ind2=" " tag="035">
      <subfield code="9">CLY0107TS</subfield>
   </datafield>
   <datafield ind1=" " ind2=" " tag="040">
      <subfield code="a">DLC</subfield>
      <subfield code="c">WAU</subfield>
      <subfield code="d">OCL</subfield>
      <subfield code="d">PUL</subfield>
   </datafield>
   <datafield ind1=" " ind2=" " tag="043">
      <subfield code="a">f-ly---</subfield>
   </datafield>
   <datafield ind1="1" ind2=" " tag="110">
      <subfield code="a">Libya.</subfield>
      <subfield code="k">Laws, statutes, etc.</subfield>
      <subfield code="0">http://id.loc.gov/authorities/names/n79066419</subfield>
   </datafield>
   <datafield ind1="0" ind2="0" tag="245">
      <subfield code="a">Qānūn al-ʻuqūbāt wa-Qānūn al-ijrāʾāt al-jināʾīyah:</subfield>
      <subfield code="b">al-jarīdah al-rasmīyah lil-Mamlakah al-Libiyah al-Muttaḥidah, addad khāṣṣ,</subfield>
      <subfield code="c">nushirat bi-amr Wazīr al-ʻadl bi-tārīkh 20 Fibrāyar 1954.</subfield>
   </datafield>
   <datafield ind1=" " ind2=" " tag="260">
      <subfield code="a">[Banghāzī?,</subfield>
      <subfield code="b">s.n.</subfield>
      <subfield code="c">1954]</subfield>
   </datafield>
   <datafield ind1=" " ind2=" " tag="300">
      <subfield code="a">19, 342 p.</subfield>
      <subfield code="c">23 cm.</subfield>
   </datafield>
   <datafield ind1=" " ind2="0" tag="650">
      <subfield code="a">Criminal law</subfield>
      <subfield code="z">Libya.</subfield>
   </datafield>
   <datafield ind1=" " ind2="0" tag="650">
      <subfield code="a">Criminal procedure</subfield>
      <subfield code="z">Libya.</subfield>
   </datafield>
   <datafield ind1=" " ind2=" " tag="945">
      <subfield code="a">F</subfield>
      <subfield code="b">1</subfield>
      <subfield code="c">75786.585.3</subfield>
   </datafield>
   <datafield ind1=" " ind2=" " tag="911">
      <subfield code="a">19990912</subfield>
   </datafield>
   <datafield ind1="0" ind2="0" tag="852">
      <subfield code="0">2836961</subfield>
      <subfield code="b">rcppa</subfield>
      <subfield code="t">1</subfield>
      <subfield code="h">KSP3800</subfield>
      <subfield code="i">.L539 1954</subfield>
      <subfield code="x">tr fr f</subfield>
   </datafield>
   <datafield ind1=" " ind2=" " tag="959">
      <subfield code="a">2008-10-16 15:09:54 -0400</subfield>
   </datafield>
</record>
